@inproceedings{vattikonda2015empirical,
  title={Empirical Analysis of Search Advertising Strategies},
  author={Vattikonda, Bhanu C and Dave, Vacha and Guha, Saikat and Snoeren, Alex C},
  booktitle={Proceedings of the 2015 Internet Measurement Conference (IMC)},
  year={2015}
}
@inproceedings{walls2015measuring,
  title={Measuring the Impact and Perception of Acceptable Advertisements},
  author={Walls, Robert J and Kilmer, Eric D and Lageman, Nathaniel and McDaniel, Patrick D},
  booktitle={Proceedings of the 2015 ACM Conference on Internet Measurement Conference},
  pages={107--120},
  year={2015},
  organization={ACM}
}
@inproceedings{springborn2013impression,
  title={Impression Fraud in On-line Advertising via Pay-Per-View Networks.},
  author={Springborn, Kevin and Barford, Paul},
  booktitle={USENIX Security},
  pages={211--226},
  year={2013}
}
@inproceedings{pujol2015annoyed,
  title={Annoyed Users: Ads and Ad-Block Usage in the Wild},
  author={Pujol, Enric and Hohlfeld, Oliver and Feldmann, Anja},
  booktitle={Proceedings of the 2015 ACM Conference on Internet Measurement Conference},
  pages={93--106},
  year={2015},
  organization={ACM}
}
@misc{CommonCrawl,
  author = {Common Crawl},
  booktitle = {Common Crawl},
  title = {{Common Crawl}},
  note = {\url{https://commoncrawl.org/}},
  year = {2011}
}
@inproceedings{crussell2014madfraud,
      title={MAdFraud: Investigating Ad Fraud in Android Applications},
      author={Crussell, Jonathan and Stevens, Ryan and Chen, Hao},
      booktitle={Proceedings of the 12th Annual International Conference on Mobile Systems, Applications, and Services},
      pages={123--134},
      year={2014},
      organization={ACM}
    }
@misc{PeterLowe2013,
  author = {Lowe, Peter},
  title = {{Peter Lowe. Ad blocking with ad server hostnames and IP addresses.}},
  note = {\url{https://blog.pagefair.com/2015/google-losing-billions-adblock-devils-deal/}},
  year = {2013}
}
@misc{DigitalTrends,
  author = {DigitalTrends},
  title = {{Adblock plus accused of shaking down websites.}},
  note = {\url{http://www.digitaltrends.com/web/adblock-plus-accused-of-shaking-down-websites/}},
  year = {2014}
}
@misc{pageFairAdblocking,
  author = {Page Fair},
  title = {{page Fair Report on ad-blocking.}},
  note = {\url{http://downloads.pagefair.com/reports/adblocking_goes_mainstream_2014_report.pdf}},
  year = {2013}
}


